@article{cassella2011nuovi,
    title={Nuovi scenari per la valutazione della ricerca tra indicatori bibliometrici citazionali e metriche alternative nel contesto digitale},
    author={Cassella, Maria and Bozzarelli, Oriana},
    journal={Biblioteche oggi},
    volume={29},
    number={2},
    pages={66--78},
    year={2011}
}

@article{anziliero2013bibliometria,
    title={La bibliometria: metodi e strumenti per la misurazione della ricerca scientifica e delle raccolte bibliotecarie},
    author={Anziliero, Tamara},
    journal={La bibliometria: metodi e strumenti per la misurazione della ricerca scientifica e delle raccolte bibliotecarie},
    pages={157--161},
    year={2013},
    publisher={Ledizioni}
}

@article{
    h-index,
    author = {J. E. Hirsch },
    title = {An index to quantify an individual's scientific research output},
    journal = {Proceedings of the National Academy of Sciences},
    volume = {102},
    number = {46},
    pages = {16569-16572},
    year = {2005},
    doi = {10.1073/pnas.0507655102}
}

@article{h-index-problems,
    author = {Waltman, Ludo and van Eck, Nees Jan},
    title = {The inconsistency of the h-index},
    journal = {Journal of the American Society for Information Science and Technology},
    volume = {63},
    number = {2},
    pages = {406-415},
    doi = {https://doi.org/10.1002/asi.21678},
    year = {2012}
    }


@article{ROSE2019100263,
	author = {Michael E. Rose and John R. Kitchin},
	doi = {https://doi.org/10.1016/j.softx.2019.100263},
	issn = {2352-7110},
	journal = {SoftwareX},
	pages = {100263},
	title = {pybliometrics: Scriptable bibliometrics using a Python interface to Scopus},
	volume = {10},
	year = {2019}
}

@article{ding2020exploring,
  title={Exploring the limitations of the h-index and h-type indexes in measuring the research performance of authors},
  author={Ding, Jingda and Liu, Chao and Kandonga, Goodluck Asobenie},
  journal={Scientometrics},
  volume={122},
  pages={1303--1322},
  year={2020},
  publisher={Springer}
}

@online{h-index-problems-2,
    title   = {H-index, ecco perché non serve a valutare davvero la qualità di un ricercatore},
    url     = {https://www.repubblica.it/salute/2023/04/17/news/hindex_che_cosa_e_serve_a_valutare_davvero-396515324/},
    urldate = {2023-10}
}

@online{thesis-template,
    title   = {micheleberetta98/unibg-thesis-template: A LaTeX starter project with UniBG thesis guidelines and first page},
    url     = {https://github.com/micheleberetta98/unibg-thesis-template},
    urldate = {2023-10}
}

@online{pybliometrics-github,
    title   = {pybliometrics-dev/pybliometrics: Python-based API-Wrapper to access Scopus},
    url     = {https://github.com/pybliometrics-dev/pybliometrics},
    urldate = {2023-10}
}

@online{scopus-website,
    title   = {Scopus},
    url     = {https://www.scopus.com/},
    urldate = {2023-10}
}

@online{conference-rating-website,
    title   = {The GII-GRIN-SCIE (GGS) Conference Rating - About the GGS Rating 2021},
    url     = {https://scie.lcc.uma.es:8443/conferenceRating.jsf},
    urldate = {2023-10}
}

@online{GRIN-website,
    title   = {Home - grin-informatica.it},
    url     = {http://www.grin-informatica.it/opencms/opencms/grin},
    urldate = {2023-10}
}

@online{scopus-policy,
    title   = {Elsevier developer portal - TDM},
    url     = {https://dev.elsevier.com/tdm_service.html},
    urldate = {2023-10}
}

@online{scopus-key-settings,
    title   = {Elsevier developer portal - Default API Key Settings},
    url     = {https://dev.elsevier.com/api_key_settings.html},
    urldate = {2023-10}
}

@online{scopus-api-description,
    title   = {Elsevier developer portal - Elsevier Scopus APIs},
    url     = {https://dev.elsevier.com/sc_apis.html},
    urldate = {2023-10}
}

@online{scopus-api-specs,
    title   = {Elsevier developer portal - Scopus API Specification},
    url     = {https://dev.elsevier.com/sc_api_spec.html},
    urldate = {2023-10}
}

@online{spark-github,
    title   = {apache/spark: Apache Spark - A unified analytics engine for large-scale data processing},
    url     = {https://github.com/apache/spark},
    urldate = {2023-10}
}

@online{pandas-github,
    title   = {pandas-dev/pandas: Flexible and powerful data analysis / manipulation library for Python, providing labeled data structures similar to R data.frame objects, statistical functions, and much more},
    url     = {https://github.com/pandas-dev/pandas},
    urldate = {2023-10}
}

@online{pymongo-github,
    title   = {mongodb/mongo-python-driver: PyMongo - the Official MongoDB Python driver},
    url     = {https://github.com/mongodb/mongo-python-driver},
    urldate = {2023-10}
}

@online{python-dotenv-github,
    title   = {theskumar/python-dotenv: Reads key-value pairs from a .env file and can set them as environment variables. It helps in developing applications following the 12-factor principles.},
    url     = {https://github.com/theskumar/python-dotenv},
    urldate = {2023-10}
}

@online{mongodb-github,
    title   = {mongodb/mongo: The MongoDB Database},
    url     = {https://github.com/mongodb/mongo},
    urldate = {2023-10}
}

@online{author-scopus,
    title   = {Elsevier Developer Portal - Author Retrieval API},
    url     = {https://dev.elsevier.com/documentation/AuthorRetrievalAPI.wadl},
    urldate = {2023-10}
}

@online{abstract-scopus,
    title   = {Elsevier Developer Portal - Abstract Retrieval API},
    url     = {https://dev.elsevier.com/documentation/AbstractRetrievalAPI.wadl},
    urldate = {2023-10}
}

@online{flask-github,
    title   = {pallets/flask: The Python micro framework for building web applications.},
    url     = {https://github.com/pallets/flask},
    urldate = {2023-10}
}

@online{react-github,
    title   = {facebook/react: The library for web and native user interfaces.},
    url     = {https://github.com/facebook/react},
    urldate = {2023-10}
}

@online{python,
    title   = {Welcome to Python.org},
    url     = {https://www.python.org/},
    urldate = {2023-10}
}

@online{typescript,
    title   = {JavaScript With Syntax For Types.},
    url     = {https://www.typescriptlang.org/},
    urldate = {2023-10}
}

@online{mui-github,
    title   = {mui/material-ui: MUI Core: Ready-to-use foundational React components, free forever. It includes Material UI, which implements Google's Material Design.},
    url     = {https://github.com/mui/material-ui},
    urldate = {2023-10}
}

@online{material-design,
    title   = {Material Design},
    url     = {https://m3.material.io/},
    urldate = {2023-10}
}

@online{apache-echarts-github,
    title   = {apache/echarts: Apache ECharts is a powerful, interactive charting and data visualization library for browser},
    url     = {https://github.com/apache/echarts},
    urldate = {2023-10}
}

@online{docker,
    title   = {Accelerated Container Application Development},
    url     = {https://www.docker.com/},
    urldate = {2023-10}
}

@online{jszip,
    title   = {Stuk/jszip: Create, read and edit .zip files with Javascript},
    url     = {https://github.com/Stuk/jszip},
    urldate = {2023-11}
}

@online{codeBachelorThesis,
    title   = {andrearoota/bachelorThesis: A comprehensive software solution designed to gather, analyze, and visualize bibliometric factors of scientific paper authors.},
    url     = {https://github.com/andrearoota/bachelorThesis},
    urldate = {2023-11}
}





